@article {
  art:REF_ART_ODORICO,
  author = {ODORICO, ELIZANDRA K. et al},
  title = {Análise do não uso do laboratório de informática nas escolas públicas e estudo de caso.},
  journal = {Anais do XVIII Workshop de Informática na Escola},
  year = {2012}
}

@article {
  art:REF_ART_CHAGAS,
  author = {CHAGAS, ZORÁLIA B. DAS et al},
  title = {Um Retrato dos Docentes dos Laboratórios de Informática Educativa das Escolas Municipais de Fortaleza},
  journal = {Anais do XVI Encontro de Pesquisa Educacional do Norte e Nordeste: Educação, Desenvolvimento Humano e Cidadania},
  month = {jun},
  pages = {625},
  year = {2003}
}

@phdthesis {
  art:REF_TCC_GROLL,
  author = {GROLL, ALICE P. V.},
  title = {A Importância da Gestão no uso do Laboratório de Informática no dia a dia da Escola: Três Realidades},
  school = {Universidade Federal do Rio Grande do Sul},
  year = {2012},
  type = {Trabalho de Conclusão de Curso}
}

@phdthesis {
  art:REF_DISS_DUTRA,
  author = {DUTRA, ANDRÉ F.},
  title = {O Professor Orientador de Informática Educativa – POIE das Escolas do Município de São Paulo},
  school = {Universidade de São Paulo},
  year = {2010},
  type = {Dissertação de Mestrado}
}

@misc {
  art:REF_ART_OLIVEIRA,
  author = {OLIVEIRA, WILANDIA M. DE},
  title = {UMA ABORDAGEM SOBRE O PAPEL DO PROFESSOR NO PROCESSO ENSINO/APRENDIZAGEM},
  howpublished = {Disponível em: \url{https://www.inesul.edu.br/revista/arquivos/arq-idvol_28_1391209402.pdf}},
  note = {Acesso em: 23/02/2019}
}

@article{
  art:REF_ART_MATTOS,
  title={Desafios para a inclusão digital no Brasil},
  author={Mattos, Fernando Augusto Mansor de},
  journal={Perspectivas em Ciência da Informação},
  volume={13},
  number={1},
  pages={67--94},
  year={2008},
  publisher={SciELO Brasil}
}

@article{
  art:REF_ART_CARVALHO_MONTEIRO,
  title={Reflexões sobre Implementação e uso de Laboratórios de Informática na Escola Pública},
  author={Carvalho, Liliane Maria Teixeira Lima de and Monteiro, Carlos Eduardo Ferreira},
  journal={Revista Roteiro},
  volume={37},
  number={2},
  pages={343--360},
  year={2012},
  publisher={Editora Unoesc}
}

@book{
   art:REF_LIVRO_MORAN,
   author = {Moran, José Manuel and Masetto, Marcos T. and Behrens, Marilda Aparecida},
   title = {Novas Tecnologias e Mediação Pedagógica},
   publisher = {Editora Papirus},
   year = {2013},
   edition = {21}
}